%% This BibTeX bibliography file was created using BibDesk.
%% http://bibdesk.sourceforge.net/

%% Created for Th√©o Winterhalter at 2016-07-22 11:48:34 +0200


%% Saved with string encoding Unicode (UTF-8)



@misc{pperdot:pr,
	Author = {P{\'e}drot, Pierre-Marie},
	Date-Added = {2016-07-22 09:46:36 +0000},
	Date-Modified = {2016-07-22 09:48:34 +0000},
	Howpublished = {Available at \url{https://github.com/coq/coq/pull/169}},
	Title = {Local type-in-type flag (Pull Request for Coq)},
	Year = {2016}}

@unpublished{vv:resizing,
	Author = {Voevodsky, Vladimir},
	Date-Added = {2016-07-22 09:17:22 +0000},
	Date-Modified = {2016-07-22 09:21:18 +0000},
	Note = {TYPES},
	Title = {Resizing Rules, Their Need and Semantic Justification},
	Year = {2011}}

@incollection{coquand:typetype,
	Author = {Coquand, Thierry},
	Booktitle = {The Calculus of Constructions, The Calculus of Constructions, Documentation and user's guide},
	Date-Added = {2016-07-22 09:08:59 +0000},
	Date-Modified = {2016-07-22 09:12:37 +0000},
	Publisher = {Huet, Gerard, Projet FORMEL},
	Title = {Reynold's Paradox with the Type:Type axiom},
	Year = {1989}}

@manual{coq:manual,
	Author = {\mbox{The Coq development team}},
	Note = {Version 8.5pl2},
	Organization = {LogiCal Project},
	Title = {The Coq proof assistant reference manual},
	Url = {http://coq.inria.fr},
	Year = {2016},
	Bdsk-Url-1 = {http://coq.inria.fr}}

@book{norell2007towards,
	Author = {Norell, Ulf},
	Publisher = {Citeseer},
	Title = {Towards a practical programming language based on dependent type theory},
	Volume = {32},
	Year = {2007}}

@inproceedings{oury2005extensionality,
	Author = {Oury, Nicolas},
	Booktitle = {International Conference on Theorem Proving in Higher Order Logics},
	Organization = {Springer},
	Pages = {278--293},
	Title = {Extensionality in the calculus of constructions},
	Year = {2005}}

@article{howard1995formulae,
	Author = {Howard, William A},
	Title = {The formulae-as-types notion of construction},
	Year = {1995}}

@misc{manin1975intuitionistic,
	Author = {Martin-L\"of, Per},
	Publisher = {North\~{} Holland, Amsterdam},
	Title = {An intuitionistic theory of types: predicative part, Logic Colloquium 73},
	Year = {1975}}

@article{lumsdaine2013higher,
	Author = {Lumsdaine, PL and Shulman, Michael},
	Journal = {preparation (cit. on pp. 3, 6, 26)},
	Title = {Higher inductive types},
	Year = {2013}}

@techreport{HoTTbook,
	Author = {The Univalent Foundations Program},
	Institution = {Institute for Advanced Study},
	Title = {Homotopy type theory: Univalent foundations of mathematics},
	Year = {2013}}

@misc{UniMath,
	Author = {Voevodsky, Vladimir and Ahrens, Benedikt and Grayson, Daniel and others},
	Howpublished = {Available at \url{https://github.com/UniMath}},
	Title = {{\em UniMath}: {Univalent} {Mathematics}}}

@misc{constableimplementing,
  title={Implementing Mathematics with the NUPRL Development System. 1986},
  author={Constable, R},
  publisher={Prentice-Hall}
}

@misc{andromeda,
  title = {The Andromeda Theorem Prover},
  howpublished = {\url{https://github.com/Andromedans/andromeda}}
}

@inproceedings{van2013explicit,
  title={Explicit convertibility proofs in pure type systems},
  author={van Doorn, Floris and Geuvers, Herman and Wiedijk, Freek},
  booktitle={Proceedings of the Eighth ACM SIGPLAN international workshop on Logical frameworks \& meta-languages: theory \& practice},
  pages={25--36},
  year={2013},
  organization={ACM}
}

@article{mcbride2000dependently,
  title={Dependently typed functional programs and their proofs},
  author={McBride, Conor},
  year={2000},
  publisher={University of Edinburgh. College of Science and Engineering. School of Informatics.}
}
